[gd_scene load_steps=27 format=2]

[sub_resource type="VisualShaderNodeScalarOp" id=1]
default_input_values = [ 0, 0.0, 1, 2.0 ]
operator = 2

[sub_resource type="VisualShaderNodeScalarOp" id=2]
default_input_values = [ 0, 0.0, 1, 1.0 ]
operator = 1

[sub_resource type="VisualShaderNodeScalarFunc" id=3]
function = 12

[sub_resource type="VisualShaderNodeVectorCompose" id=4]

[sub_resource type="VisualShaderNodeScalarUniform" id=5]
uniform_name = "scale"

[sub_resource type="VisualShaderNodeScalarOp" id=6]
default_input_values = [ 0, 1.0, 1, 0.0 ]
operator = 1

[sub_resource type="VisualShaderNodeScalarOp" id=7]
default_input_values = [ 0, 1.0, 1, 1.0 ]
operator = 1

[sub_resource type="VisualShaderNodeScalarClamp" id=10]

[sub_resource type="VisualShaderNodeInput" id=11]
input_name = "screen_uv"

[sub_resource type="VisualShaderNodeTextureUniform" id=24]
uniform_name = "curve"

[sub_resource type="VisualShaderNodeVectorCompose" id=27]

[sub_resource type="VisualShaderNodeVectorDecompose" id=28]

[sub_resource type="VisualShaderNodeInput" id=12]
input_name = "uv"

[sub_resource type="VisualShaderNodeScalarFunc" id=13]
function = 14

[sub_resource type="VisualShaderNodeTextureUniform" id=14]
uniform_name = "noise"

[sub_resource type="VisualShaderNodeScalarOp" id=15]
default_input_values = [ 0, 0.0, 1, 0.5 ]

[sub_resource type="VisualShaderNodeVectorDecompose" id=16]

[sub_resource type="VisualShaderNodeVectorOp" id=17]
default_input_values = [ 0, Vector3( 0, 0, 0 ), 1, Vector3( 1, 1, 0 ) ]
operator = 2

[sub_resource type="VisualShaderNodeVec3Uniform" id=18]
uniform_name = "adjustment"

[sub_resource type="VisualShader" id=19]
code = "shader_type canvas_item;
uniform float scale;
uniform sampler2D noise;
uniform sampler2D curve;



void vertex() {
// Output:0

}

void fragment() {
// Input:2
	vec3 n_out2p0 = vec3(SCREEN_UV, 0.0);

// ScalarUniform:14
	float n_out14p0 = scale;

// VectorOp:8
	vec3 n_out8p0 = n_out2p0 * vec3(n_out14p0);

// TextureUniform:5
	vec3 n_out5p0;
	float n_out5p1;
	{
		vec4 n_tex_read = texture(noise, n_out8p0.xy);
		n_out5p0 = n_tex_read.rgb;
		n_out5p1 = n_tex_read.a;
	}

// Input:3
	vec3 n_out3p0 = vec3(UV, 0.0);

// VectorDecompose:7
	float n_out7p0 = n_out3p0.x;
	float n_out7p1 = n_out3p0.y;
	float n_out7p2 = n_out3p0.z;

// ScalarOp:15
	float n_in15p0 = 1.00000;
	float n_out15p0 = n_in15p0 - n_out7p1;

// ScalarOp:10
	float n_in10p1 = 2.00000;
	float n_out10p0 = n_out15p0 * n_in10p1;

// ScalarOp:11
	float n_in11p1 = 1.00000;
	float n_out11p0 = n_out10p0 - n_in11p1;

// ScalarFunc:12
	float n_out12p0 = abs(n_out11p0);

// ScalarOp:16
	float n_in16p0 = 1.00000;
	float n_out16p0 = n_in16p0 - n_out12p0;

// TextureUniform:20
	vec3 n_out20p0;
	float n_out20p1;
	{
		vec4 n_tex_read = texture(curve, vec3(n_out16p0).xy);
		n_out20p0 = n_tex_read.rgb;
		n_out20p1 = n_tex_read.a;
	}

// VectorDecompose:22
	float n_out22p0 = n_out20p0.x;
	float n_out22p1 = n_out20p0.y;
	float n_out22p2 = n_out20p0.z;

// ScalarOp:6
	float n_out6p0 = dot(n_out5p0, vec3(0.333333, 0.333333, 0.333333)) + n_out22p0;

// ScalarFunc:4
	float n_out4p0 = floor(n_out6p0);

// ScalarClamp:19
	float n_in19p1 = 0.00000;
	float n_in19p2 = 1.00000;
	float n_out19p0 = clamp(n_out4p0, n_in19p1, n_in19p2);

// Output:0
	COLOR.a = n_out19p0;

}

void light() {
// Output:0

}
"
graph_offset = Vector2( -431.871, -135.685 )
mode = 1
flags/light_only = false
nodes/fragment/0/position = Vector2( 1580, 160 )
nodes/fragment/2/node = SubResource( 11 )
nodes/fragment/2/position = Vector2( -520, -40 )
nodes/fragment/3/node = SubResource( 12 )
nodes/fragment/3/position = Vector2( -580, 260 )
nodes/fragment/4/node = SubResource( 13 )
nodes/fragment/4/position = Vector2( 920, -60 )
nodes/fragment/5/node = SubResource( 14 )
nodes/fragment/5/position = Vector2( -80, -120 )
nodes/fragment/6/node = SubResource( 15 )
nodes/fragment/6/position = Vector2( 700, -120 )
nodes/fragment/7/node = SubResource( 16 )
nodes/fragment/7/position = Vector2( -580, 440 )
nodes/fragment/8/node = SubResource( 17 )
nodes/fragment/8/position = Vector2( -300, -40 )
nodes/fragment/9/node = SubResource( 18 )
nodes/fragment/9/position = Vector2( -640, 160 )
nodes/fragment/10/node = SubResource( 1 )
nodes/fragment/10/position = Vector2( -80, 280 )
nodes/fragment/11/node = SubResource( 2 )
nodes/fragment/11/position = Vector2( 120, 400 )
nodes/fragment/12/node = SubResource( 3 )
nodes/fragment/12/position = Vector2( 320, 400 )
nodes/fragment/13/node = SubResource( 4 )
nodes/fragment/13/position = Vector2( 880, 420 )
nodes/fragment/14/node = SubResource( 5 )
nodes/fragment/14/position = Vector2( -500, 40 )
nodes/fragment/15/node = SubResource( 6 )
nodes/fragment/15/position = Vector2( -280, 260 )
nodes/fragment/16/node = SubResource( 7 )
nodes/fragment/16/position = Vector2( 140, 100 )
nodes/fragment/19/node = SubResource( 10 )
nodes/fragment/19/position = Vector2( 1280, 80 )
nodes/fragment/20/node = SubResource( 24 )
nodes/fragment/20/position = Vector2( 580, 60 )
nodes/fragment/21/node = SubResource( 27 )
nodes/fragment/21/position = Vector2( 340, 120 )
nodes/fragment/22/node = SubResource( 28 )
nodes/fragment/22/position = Vector2( 780, 140 )
nodes/fragment/connections = PoolIntArray( 3, 0, 7, 0, 10, 0, 11, 0, 11, 0, 12, 0, 12, 0, 13, 1, 7, 0, 13, 0, 2, 0, 8, 0, 14, 0, 8, 1, 15, 0, 10, 0, 7, 1, 15, 1, 12, 0, 16, 1, 19, 0, 0, 1, 4, 0, 19, 0, 6, 0, 4, 0, 8, 0, 5, 0, 5, 0, 6, 0, 16, 0, 20, 0, 16, 0, 21, 0, 20, 0, 22, 0, 22, 0, 6, 1 )

[sub_resource type="Curve" id=25]
_data = [ Vector2( 0, 0 ), 0.0, 1.17539, 0, 0, Vector2( 1, 1 ), 1.0, 0.0, 1, 0 ]

[sub_resource type="CurveTexture" id=26]
curve = SubResource( 25 )

[sub_resource type="OpenSimplexNoise" id=20]

[sub_resource type="NoiseTexture" id=21]
seamless = true
noise = SubResource( 20 )

[sub_resource type="ShaderMaterial" id=22]
shader = SubResource( 19 )
shader_param/scale = 64.0
shader_param/noise = SubResource( 21 )
shader_param/curve = SubResource( 26 )

[sub_resource type="Gradient" id=23]

[node name="Node2D" type="Node2D"]

[node name="Line2D" type="Line2D" parent="."]
material = SubResource( 22 )
position = Vector2( 2127, 932 )
points = PoolVector2Array( -1972, -404, -1515, -204, -1180, -120, -568, -202, -351, -346, -409, -630, -737, -791, -1169, -838, -1724, -772, -2144, -692, -2157, -607, -2122, -518, -1818, -510, -1400, -501, -960, -461, -854, -385, -950, -210, -900, -35, -576, 109, -248, 77, 13, -37, 108, -376, -95, -702, -358, -783, -862, -654, -1320, -368, -1667, -132, -1865, -42, -2070, 18, -2211, 79, -2398, 66, -2540, -67, -2530, -128, -2387, -256, -2237, -285, -2022, -242, -1919, -137, -1785, 31, -1531, 133, -1047, 25 )
width = 200.0
gradient = SubResource( 23 )
texture_mode = 1
