[gd_scene load_steps=10 format=2]

[ext_resource path="res://Assets/ui/Chalkboard.theme" type="Theme" id=1]
[ext_resource path="res://Assets/ui/TuckShop-Regular.ttf" type="DynamicFontData" id=2]

[sub_resource type="GDScript" id=13]
script/source = "extends Control

export(GameManager.SIDE) var side = GameManager.SIDE.NULL

onready var turnLabel:= $data.get_node($data.turnLabel) as Label   
onready var yourTurn:= $data.get_node($data.yourTurn) as Label   

func _ready():
	GameManager.connect(\"statusChange\",self,\"statusChange\")

func statusChange(value):
	match side:
		GameManager.SIDE.CHAOS:
			pass
		GameManager.SIDE.ORDER:
			pass
		GameManager.SIDE.NULL:
			pass
#	if side == GameManager.SIDE.CHAOS:
#		pass
#	elif:
#		pass
#
#	if value == GameManager.GAME_STATUS.ORDER_TURN:
#		visible = true
##		if GameManager.hostSide
#	else:
#		visible = false
	


func _on_TurnUI_visibility_changed():

	if side == GameManager.SIDE.ORDER:
		turnLabel.text == \"Order's Turn\"
	else:
		turnLabel.text == \"Chaos's Turn\"


	if visible and GameManager.isCurrentPlayerTurn():
		yourTurn.visible = true 
	else:
		yourTurn.visible = false
"

[sub_resource type="GDScript" id=17]
script/source = "extends Node

export(NodePath) var turnLabel   
export(NodePath) var yourTurn   
"

[sub_resource type="GDScript" id=18]
script/source = "extends Label

export var orderText:=\"Order's Turn\"
export var chaosText:=\"Chaos's Turn\"

func _ready():
	yield(owner,\"ready\")
	match owner.side:
		GameManager.SIDE.CHAOS:
			text = chaosText
		GameManager.SIDE.ORDER:
			text = orderText
		
"

[sub_resource type="DynamicFont" id=19]
size = 80
font_data = ExtResource( 2 )

[sub_resource type="GDScript" id=14]
script/source = "extends Label


func _ready():
	GameManager.connect(\"error\",self,\"error\")
	
func error(data):
	if data is Dictionary:
		if data.type == GameManager.ERROR.PLAYER_MESSAGE:
			text = data.text
			if visible == false:
				visible = true
				$AnimationPlayer.play(\"spawn\")
				yield(get_tree().create_timer(3),\"timeout\")
				$AnimationPlayer.play_backwards(\"spawn\")
				yield($AnimationPlayer,\"animation_finished\")
				visible = false


func _on_TurnUI_visibility_changed():
	visible = false
	text = \"\"
"

[sub_resource type="Animation" id=16]
length = 0.001
tracks/0/type = "value"
tracks/0/path = NodePath("CenterContainer/VBoxContainer/HBoxContainer2/Label:modulate")
tracks/0/interp = 1
tracks/0/loop_wrap = true
tracks/0/imported = false
tracks/0/enabled = true
tracks/0/keys = {
"times": PoolRealArray( 0 ),
"transitions": PoolRealArray( 1 ),
"update": 0,
"values": [ Color( 1, 1, 1, 1 ) ]
}

[sub_resource type="Animation" id=15]
resource_name = "spawn"
tracks/0/type = "value"
tracks/0/path = NodePath("CenterContainer/VBoxContainer/HBoxContainer2/Label:modulate")
tracks/0/interp = 1
tracks/0/loop_wrap = true
tracks/0/imported = false
tracks/0/enabled = true
tracks/0/keys = {
"times": PoolRealArray( 0, 1 ),
"transitions": PoolRealArray( 1, 1 ),
"update": 0,
"values": [ Color( 1, 0, 0, 0 ), Color( 1, 0, 0, 1 ) ]
}

[node name="TurnUI" type="Control"]
anchor_right = 1.0
anchor_bottom = 1.0
theme = ExtResource( 1 )
script = SubResource( 13 )
__meta__ = {
"_edit_use_anchors_": false
}

[node name="data" type="Node" parent="."]
script = SubResource( 17 )
turnLabel = NodePath("../CenterContainer/VBoxContainer/HBoxContainer/turnLabel")
yourTurn = NodePath("../CenterContainer/VBoxContainer/HBoxContainer2/yourTurn")

[node name="CenterContainer" type="CenterContainer" parent="."]
anchor_right = 1.0
anchor_bottom = 1.0
__meta__ = {
"_edit_use_anchors_": false
}

[node name="VBoxContainer" type="VBoxContainer" parent="CenterContainer"]
margin_left = 840.0
margin_top = 454.0
margin_right = 1080.0
margin_bottom = 626.0

[node name="HBoxContainer" type="HBoxContainer" parent="CenterContainer/VBoxContainer"]
margin_right = 240.0
margin_bottom = 72.0
alignment = 1

[node name="turnLabel" type="Label" parent="CenterContainer/VBoxContainer/HBoxContainer"]
margin_left = 14.0
margin_right = 225.0
margin_bottom = 72.0
text = "Order's Turn"
script = SubResource( 18 )

[node name="HBoxContainer2" type="HBoxContainer" parent="CenterContainer/VBoxContainer"]
margin_top = 76.0
margin_right = 240.0
margin_bottom = 172.0
alignment = 1

[node name="yourTurn" type="Label" parent="CenterContainer/VBoxContainer/HBoxContainer2"]
margin_right = 236.0
margin_bottom = 96.0
custom_fonts/font = SubResource( 19 )
text = "(your turn)"
__meta__ = {
"_edit_use_anchors_": false
}

[node name="Label" type="Label" parent="CenterContainer/VBoxContainer/HBoxContainer2"]
visible = false
margin_left = 70.0
margin_right = 304.0
margin_bottom = 14.0
text = "Select a token to place on the board."
align = 1
script = SubResource( 14 )

[node name="AnimationPlayer" type="AnimationPlayer" parent="CenterContainer/VBoxContainer/HBoxContainer2/Label"]
root_node = NodePath("../../../../..")
anims/RESET = SubResource( 16 )
anims/spawn = SubResource( 15 )

[node name="Label2" type="Label" parent="CenterContainer/VBoxContainer/HBoxContainer2"]
margin_left = 240.0
margin_top = 12.0
margin_right = 240.0
margin_bottom = 84.0

[connection signal="visibility_changed" from="." to="." method="_on_TurnUI_visibility_changed"]
[connection signal="visibility_changed" from="." to="CenterContainer/VBoxContainer/HBoxContainer2/Label" method="_on_TurnUI_visibility_changed"]
