[gd_scene load_steps=4 format=2]

[ext_resource path="res://Assets/MiniUI/MinimalUI.theme" type="Theme" id=1]
[ext_resource path="res://Elements/Old/UI/MenuFlower/PlayerLine.tscn" type="PackedScene" id=2]

[sub_resource type="GDScript" id=1]
script/source = "extends Control

export var playerLineInsertPoint:NodePath
export var playerLineScene:PackedScene

export var hostControls:NodePath
export var startButton:NodePath

signal backbutton

var playerLinesByPlayer = {}

func _ready():
	GameManager.connect(\"playerConnected\",self,\"playerConnected\")
	GameManager.connect(\"playerDisconnected\",self,\"playerDisconnected\")
	GameManager.connect(\"gameReady\",self,\"gameReady\")
	GameManager.connect(\"allPlayersReady\",self,\"readyCheck\")
	NetworkManager.connect(\"networkDropped\",self,\"networkDropped\")
	for i in GameManager.players:
		playerConnected(GameManager.players[i])
	if get_tree().has_network_peer():
		gameReady()
		
func gameReady():
	if is_network_master():
		get_node(hostControls).show()
	else:
		get_node(hostControls).hide()


func playerConnected(player:Player):
	var p = playerLineScene.instance()
	playerLinesByPlayer[player] = p
	p.player = player
	get_node(playerLineInsertPoint).add_child(p)

func playerDisconnected(player):
	playerLinesByPlayer[player].queue_free()
	playerLinesByPlayer.erase(player)
		
func networkDropped():
	emit_signal(\"backbutton\",self)

func _on_Cancel_pressed():
	NetworkManager.cleanup()

func readyCheck(value):
	get_node(startButton).disabled = !value

	
func _on_start_pressed():
	GameManager.beginGameStart()

func readyUp():
	playerLinesByPlayer[GameManager.thisPlayer].readyUp()
"

[node name="lobbyMenu" type="CenterContainer"]
anchor_right = 1.0
anchor_bottom = 1.0
grow_vertical = 0
rect_min_size = Vector2( 500, 0 )
theme = ExtResource( 1 )
script = SubResource( 1 )
__meta__ = {
"_edit_use_anchors_": false
}
playerLineInsertPoint = NodePath("CenterContainer/VBoxContainer/HBoxContainer/PlayerList")
playerLineScene = ExtResource( 2 )
hostControls = NodePath("CenterContainer/VBoxContainer/HBoxContainer/HostControls")
startButton = NodePath("CenterContainer/VBoxContainer/HBoxContainer/HostControls/start")

[node name="CenterContainer" type="MarginContainer" parent="."]
margin_left = 256.0
margin_top = 314.0
margin_right = 1024.0
margin_bottom = 406.0
rect_min_size = Vector2( 768, 0 )

[node name="VBoxContainer" type="VBoxContainer" parent="CenterContainer"]
margin_right = 768.0
margin_bottom = 92.0
grow_vertical = 0

[node name="MenuTitle" type="Label" parent="CenterContainer/VBoxContainer"]
margin_right = 768.0
margin_bottom = 24.0
grow_vertical = 0
text = "Lobby"
align = 1

[node name="HSeparator" type="HSeparator" parent="CenterContainer/VBoxContainer"]
margin_top = 28.0
margin_right = 768.0
margin_bottom = 32.0
grow_vertical = 0
__meta__ = {
"_edit_use_anchors_": false
}

[node name="HBoxContainer" type="HBoxContainer" parent="CenterContainer/VBoxContainer"]
margin_top = 36.0
margin_right = 768.0
margin_bottom = 62.0
grow_vertical = 0

[node name="PlayerList" type="VBoxContainer" parent="CenterContainer/VBoxContainer/HBoxContainer"]
margin_right = 652.0
margin_bottom = 26.0
grow_vertical = 0
size_flags_horizontal = 3
__meta__ = {
"_edit_use_anchors_": false
}

[node name="VSeparator" type="VSeparator" parent="CenterContainer/VBoxContainer/HBoxContainer"]
margin_left = 656.0
margin_right = 660.0
margin_bottom = 26.0
grow_vertical = 0

[node name="HostControls" type="VBoxContainer" parent="CenterContainer/VBoxContainer/HBoxContainer"]
margin_left = 664.0
margin_right = 768.0
margin_bottom = 26.0
grow_vertical = 0

[node name="start" type="Button" parent="CenterContainer/VBoxContainer/HBoxContainer/HostControls"]
margin_right = 104.0
margin_bottom = 26.0
grow_vertical = 0
text = "Start Game"

[node name="Cancel" type="Button" parent="CenterContainer/VBoxContainer"]
margin_top = 66.0
margin_right = 768.0
margin_bottom = 92.0
grow_vertical = 0
text = "Cancel"

[connection signal="pressed" from="CenterContainer/VBoxContainer/HBoxContainer/HostControls/start" to="." method="_on_start_pressed"]
[connection signal="pressed" from="CenterContainer/VBoxContainer/Cancel" to="." method="_on_Cancel_pressed"]
